@article{parks2008data,
  title={Data File Standard for Flow Cytometry Version FCS 3.1 Normative Reference},
  author={Parks, David},
  year={2008},
  publisher={Citeseer}
}

@article{spidlen2021data,
  title={Data file standard for flow cytometry, version FCS 3.2},
  author={Spidlen, Josef and Moore, Wayne and Parks, David and Goldberg, Michael and Blenman, Kim and Cavenaugh, James S and ISAC Data Standards Task Force and Brinkman, Ryan},
  journal={Cytometry Part A},
  volume={99},
  number={1},
  pages={100--102},
  year={2021},
  publisher={Wiley Online Library}
}
@article{spidlen2015isac,
  title={ISAC's G ating-ML 2.0 data exchange standard for gating description},
  author={Spidlen, Josef and Moore, Wayne and ISAC Data Standards Task Force and Brinkman, Ryan R},
  journal={Cytometry Part A},
  volume={87},
  number={7},
  pages={683--687},
  year={2015},
  publisher={Wiley Online Library}
}
